<record><leader>00000cas a2200000 a 4500</leader><controlfield tag="001">13247101</controlfield><controlfield tag="008">860306c19559999ncudn ne      0   a0eng d</controlfield><controlfield tag="009">477</controlfield><datafield ind1=" " ind2=" " tag="010"><subfield code="a">sn 92072944 </subfield><subfield code="z">   92072944 </subfield></datafield><datafield ind1=" " ind2=" " tag="040"><subfield code="a">NCS</subfield><subfield code="b">eng</subfield><subfield code="c">NCS</subfield><subfield code="d">NVJ</subfield><subfield code="d">DLC</subfield><subfield code="d">NVJ</subfield><subfield code="d">OCL</subfield></datafield><datafield ind1="1" ind2=" " tag="029"><subfield code="a">AU@</subfield><subfield code="b">000020717376</subfield></datafield><datafield ind1=" " ind2=" " tag="032"><subfield code="a">599300</subfield><subfield code="b">USPS</subfield></datafield><datafield ind1=" " ind2=" " tag="042"><subfield code="a">msc</subfield></datafield><datafield ind1="0" ind2="4" tag="245"><subfield code="a">The Observer-news-enterprise.</subfield></datafield><datafield ind1="1" ind2="0" tag="246"><subfield code="a">Observer news enterprise</subfield></datafield><datafield ind1=" " ind2=" " tag="260"><subfield code="a">Newton, N.C. :</subfield><subfield code="b">Charles Harden Mebane,</subfield></datafield><datafield ind1=" " ind2=" " tag="300"><subfield code="a">v. :</subfield><subfield code="b">ill. ;</subfield><subfield code="c">58 cm.</subfield></datafield><datafield ind1=" " ind2=" " tag="310"><subfield code="a">Daily (Monday-Friday),</subfield><subfield code="b">Apr. 14, 1974-</subfield></datafield><datafield ind1=" " ind2=" " tag="321"><subfield code="a">Three times a week,</subfield><subfield code="b">Dec. 14, 1955-Apr. 12, 1974</subfield></datafield><datafield ind1="0" ind2=" " tag="362"><subfield code="a">Vol. 75 (Dec. 14, 1955)-</subfield></datafield><datafield ind1=" " ind2=" " tag="500"><subfield code="a">Independent.</subfield></datafield><datafield ind1=" " ind2=" " tag="752"><subfield code="a">United States</subfield><subfield code="b">North Carolina</subfield><subfield code="c">Catawba</subfield><subfield code="d">Newton.</subfield></datafield><datafield ind1="0" ind2="0" tag="780"><subfield code="t">Observer and news-enterprise</subfield><subfield code="w">(DLC)sn 97064545</subfield></datafield></record>